2994 4996
182 335 322 404 aaa]
523 335 653 396 cIBER
678 336 761 398 XIV.
814 337 903 398 CAP.
926 349 977 418 44,
995 351 1036 414 45
1316 337 1379 416 289

182 508 215 572 in
230 507 318 592 agris
332 516 389 572 aut
404 508 558 573 domibus
573 508 676 574 isdem
691 518 901 574 nascerentur
914 508 1152 591 caritatemque
1165 504 1376 572 dominorum

147 623 167 677 5
183 612 296 676 statim
319 612 512 694 acciperent.
550 621 727 697 postquam
748 632 825 677 vero
841 612 989 679 nationes
1004 614 1036 677 in
1053 610 1186 677 familiis
1204 609 1375 689 habemus,

183 715 305 798 quibus
326 716 446 781 diversi
470 718 560 796 ritus,
586 727 725 783 externa
749 737 842 781 sacra
870 727 928 782 aut
958 716 1048 781 nulla
1076 723 1163 794 sunt,
1189 712 1375 778 conluviem

146 821 276 885 oistam
301 820 450 885 nonnisi
475 830 565 886 metu
588 820 777 887 coercueris.
822 830 856 886 at
882 822 1016 904 quidam
1042 820 1188 885 insontes
1210 819 1374 903 peribunt.

181 944 258 988 narn
274 934 367 989 etex
383 923 456 988 iuso
471 925 618 989 exercitu
634 944 708 988 curn
724 924 873 988 decimus
891 925 1029 1007 quisque
1045 922 1124 988 iusti
1138 923 1259 998 seritur,
1272 922 1372 987 etiam
1388 938 1403 988 5

147 1038 167 1094 7
181 1027 306 1091 strenui
343 1027 530 1092 sortiuntur.
585 1028 686 1093 habet
714 1027 838 1110 aliquid
869 1049 913 1092 ex
944 1028 1057 1112 iniquo
1086 1046 1186 1093 omne
1217 1045 1374 1110 magnum

181 1129 375 1214 exemplum
396 1132 487 1214 quod
508 1141 622 1196 contra
641 1130 787 1216 singulos
803 1131 945 1197 utilitate
960 1130 1092 1216 publica
1106 1130 1317 1215 rependitur?

150 1243 167 1296 1
224 1244 280 1298 411.
304 1233 495 1300 Sententiae
518 1234 623 1300 Cassii
641 1244 677 1299 ut
701 1257 799 1302 nemo
821 1256 905 1301 nnus
927 1244 1041 1301 contra
1063 1234 1109 1299 ire
1132 1254 1231 1299 ansus
1245 1242 1306 1309 est,
1327 1233 1374 1298 ita

179 1337 331 1403 dissonae
350 1359 449 1404 voces
475 1338 719 1421 respondebant
740 1360 911 1405 numerum
935 1347 993 1404 aut
1013 1347 1155 1404 aetatem
1175 1346 1233 1402 aut
1255 1355 1374 1401 sexum

180 1462 219 1506 ac
242 1441 455 1524 plurimorum
479 1442 650 1507 indubiam
673 1444 892 1509 innocentiam
918 1442 1174 1507 miserantiumr
1193 1440 1373 1526 praevaluit
1389 1453 1420 1492 ¹⁰

144 1553 292 1610 atamen
317 1565 392 1628 pars
411 1567 497 1630 quae
519 1546 716 1631 supplicium
737 1548 943 1613 decernebat.
988 1547 1047 1610 sed
1068 1545 1288 1627 obtemperari
1306 1565 1373 1608 non

146 1654 321 1731 89014441,
335 1646 533 1732 conglobata
555 1649 767 1716 multitudine
788 1660 822 1715 et
837 1671 919 1714 saxa
934 1670 973 1714 ac
991 1649 1079 1714 iaces
1100 1649 1255 1713 minante.
1299 1658 1374 1713 tum

180 1750 304 1816 Caesar
325 1752 485 1836 populum
509 1753 618 1818 edicto
641 1754 802 1838 increpuit
822 1763 923 1837 atque
943 1773 1040 1817 omne
1059 1753 1121 1817 iter
1138 1774 1205 1837 quo
1225 1752 1373 1817 damnati

142 1858 222 1921 aad
238 1874 380 1941 poenam
395 1857 600 1921 ducebantur
622 1856 816 1921 militaribus
839 1856 1009 1941 praesidiis
1028 1857 1161 1940 saepsit.
1201 1864 1374 1922 censuerat

179 1958 360 2042 Cingonius
384 1958 490 2023 Varro
517 1968 554 2022 ut
577 1958 685 2025 liberti
709 1979 842 2043 qnoque
865 1960 921 2042 qui
948 1960 1010 2023 sub
1036 1961 1155 2024 eodem
1179 1967 1270 2025 tecto
1295 1959 1372 2023 luis·
1386 1966 1417 2018 ¹5

177 2071 251 2127 sent
284 2060 381 2127 ltalia
413 2062 674 2146 deportarentur.
718 2063 751 2129 id
783 2085 804 2129 a
839 2063 986 2148 principe
1013 2062 1215 2147 prohibitum
1245 2070 1304 2140 est,
1331 2084 1373 2128 ne

176 2232 207 2281 oi
225 2231 324 2281 Atticus
346 2231 398 2293 (43,
418 2229 455 2295 4),
474 2247 530 2294 says
552 2233 644 2295 ‘neque
665 2236 749 2281 tamen
833 2232 857 2280 8.
874 2246 958 2281 nemo
974 2246 1056 2292 nnus,
1068 2235 1174 2281 ‘noone
1185 2230 1210 2279 in
1222 2230 1372 2306 particular:

176 2296 265 2346 horum
282 2311 431 2362 quemqnam
447 2296 493 2346 nisi
510 2296 580 2346 domi
596 2304 681 2346 natum
697 2330 703 2346 .
719 2331 748 2349 ..
799 2312 833 2346 no
844 2313 892 2346 one
903 2297 1004 2361 coming
1015 2296 1120 2346 iorward
1131 2311 1159 2346 aa
1172 2313 1203 2345 an
1221 2296 1372 2349 individuale

175 2363 262 2412 habuit
269 2361 284 2412 ¹.
799 2378 839 2428 cp.
857 2363 995 2411 ‘neminem
1007 2377 1081 2411 unum
1097 2363 1219 2412 destinam
1238 2361 1303 2411 irae'
1322 2360 1372 2425 (H.

211 2442 233 2477 1.
251 2426 710 2492 dominomm-‘iudominos’zep
722 2443 747 2492 4.
800 2440 821 2475 1.
845 2430 884 2488 84,
911 2426 946 2491 4),
970 2428 1108 2477 ‘neminem
1130 2442 1206 2476 unum
1235 2426 1304 2486 esse,’
1325 2431 1373 2476 &a

176 2505 215 2558 49,
229 2506 250 2552 4,
263 2493 311 2542 and
323 2500 389 2543 note.
798 2492 864 2559 (ttv.
876 2506 899 2555 3.
914 2507 953 2554 44,
964 2492 1001 2556 4).

212 2573 234 2608 4.
253 2561 392 2609 nationes.
425 2557 487 2607 This
509 2557 531 2607 is
555 2564 582 2608 to
606 2557 638 2607 be
660 2557 747 2608 under·
829 2573 853 2623 9.
870 2565 997 2608 40141444
1022 2557 1207 2608 inlatertimes
1218 2572 1301 2622 young
1311 2558 1373 2621 boys

174 2624 248 2673 stood
269 2623 377 2674 01114414
398 2630 451 2672 vast
473 2624 584 2683 number,
606 2622 655 2671 and
676 2639 746 2674 more
795 2624 845 2672 and
856 2624 917 2687 girls
927 2639 991 2673 were
999 2622 1130 2689 exempted
1141 2624 1205 2673 14044
1214 2623 1263 2672 this
1274 2624 1373 2685 general

174 2688 310 2754 especially
332 2689 362 2738 01
379 2687 442 2739 114414
460 2689 559 2738 various
580 2688 676 2752 origin:
705 2704 745 2753 cp.
795 2690 924 2739 execution
937 2688 1007 2754 (Uip.
1019 2690 1045 2737 in
1056 2689 1117 2750 Dig.
1130 2702 1169 2753 ²9·
1182 2701 1205 2751 3,
1220 2702 1242 2748 4,
1255 2689 1306 2751 34).

173 2756 339 2804 ‘familiarum
361 2768 489 2802 nnmerum
511 2763 536 2804 et
555 2752 681 2804 nationes’
706 2754 742 2816 (3.
831 2766 869 2802 40.
886 2757 1041 2804 indubiam.
1083 2754 1145 2803 This
1162 2754 1232 2803 word
1250 2755 1272 2804 is
1295 2754 1373 2804 ionnd

174 2835 216 2883 33,
229 2834 252 2884 3,
264 2820 312 2868 and
327 2828 394 2883 note,
406 2819 488 2868 where
503 2819 566 2868 their
579 2818 745 2869 nationalities
795 2819 926 2870 elsewhere
944 2819 1004 2884 only
1020 2821 1046 2869 in
1066 2820 1152 2884 Quint.
1171 2834 1194 2883 5.
1209 2835 1248 2883 43,
1266 2834 1305 2884 44,
1323 2820 1373 2869 4441

174 2902 215 2935 444
227 2885 364 2949 instanced)
376 2901 382 2943 ;
399 2884 452 2933 also
465 2885 579 2948 ‘agmina
592 2885 745 2934 exoletorum
794 2885 836 2935 the
847 2886 903 2934 adv.
915 2900 975 2935 once
987 2886 1012 2935 in
1023 2885 1137 2935 Cassiod.

172 2967 216 3016 per
230 2953 343 3000 44110444
357 2951 502 3014 coloresque
516 2949 593 3000 deseri
613 2949 655 2998 ta'
673 2949 744 3013 (Seu.
831 2964 869 2999 44.
887 2954 1084 3014 obtemperari,
1096 2951 1143 3001 ie.
1155 2949 1248 3001 1041144
1259 2958 1371 3003 sentence

172 3017 218 3080 Ep.
242 3031 282 3079 95,
303 3017 353 3077 24),
374 3015 423 3064 and
441 3015 539 3064 various
562 2965 696 3065 4414144444
719 3016 746 3066 14
796 3015 1034 3066 tobecarriedout.

173 3081 326 3146 Marquardt,
340 3079 440 3129 Privati.
455 3080 509 3145 169.
832 3095 869 3129 44.
887 3096 954 3130 saxa
978 3096 1010 3131 ac
1032 3084 1115 3142 14044,
1137 3080 1180 3130 1144
1204 3097 1321 3146 weapona
1345 3082 1376 3139 oi

205 3161 227 3208 3.
246 3149 359 3206 diversi,
371 3145 499 3196 ‘different
518 3145 582 3195 irum
598 3145 685 3203 onrs':
704 3163 744 3213 cp.
796 3146 903 3211 popular
921 3146 1042 3197 sedition:
1068 3162 1107 3212 cp.
1128 3149 1243 3211 ‘iamque
1262 3147 1328 3198 iaces
1347 3156 1371 3197 et

171 3212 306 3275 ‘profanos
325 3212 401 3260 ritus’
423 3212 456 3276 (4.
470 3212 510 3275 83,
522 3214 558 3274 3).
591 3212 661 3276 They
672 3211 746 3261 know
796 3212 1181 3275 saxavolant’(Verg.Aen.1‚
1196 3215 1262 3276 150).

171 3279 275 3340 nothing
287 3277 316 3326 01
329 3293 374 3325 onr
385 3277 502 3342 religious
514 3277 645 3327 sanctinus
833 3291 871 3338 43.
888 3280 1025 3335 populum
1045 3282 1139 3328 edicto
1156 3280 1312 3335 increpuit:
1330 3293 1371 3349 cp.

205 3357 228 3405 3.
247 3345 462 3392 nameta‘nam
474 3340 571 3399 etiam'‚
584 3358 612 3391 as
623 3343 649 3391 in
660 3344 745 3407 Quint.
798 3356 820 3393 1.
833 3340 899 3403 8,6;
918 3358 940 3404 3.
953 3343 1021 3403 6,4;
1040 3357 1063 3407 5.
1076 3358 1100 3407 5,
1114 3356 1134 3401 1,
1147 3346 1195 3393 &a

171 3422 197 3522 41
212 3419 279 3522 {ihi
289 3421 441 3538 14114ῑῖ41411
443 3445 450 3469 ’
462 3421 513 3522 iri}
530 3407 578 3520 411
579 3424 593 3457 ⁸
603 3410 746 3535 ‘'ffrffiffi
796 3408 1027 3538 miiaiinffffll?
1034 3419 1065 3540 13
1083 3408 1203 3537 ιεὴᾝρῗ·
1216 3407 1312 3536 0ιέωὲ
1328 3406 1371 3520 {he

173 3555 242 3588 sense
262 3538 292 3587 01
308 3542 358 3587 ‘no
377 3538 465 3598 doubt,
477 3539 515 3587 ior
532 3490 678 3600 nsosssic„
695 3540 742 3591 i.e.
832 3551 868 3601 15·
887 3543 1042 3597 0143041444
1061 3512 1161 3588 Varrof
1201 3538 1264 3587 This
1282 3511 1371 3605 pe’rson

172 3603 214 3653 the
243 3610 371 3668 argument
396 3604 494 3668 applies
509 3604 609 3669 equally
629 3611 656 3654 to
674 3606 747 3655 other
794 3620 845 3653 was
857 3620 907 3653 cos.
919 3605 1015 3668 design.
1034 3605 1133 3654 144440.
1145 3603 1185 3661 61,
1197 3604 1245 3652 and
1258 3618 1309 3652 was
1326 3610 1371 3668 put

170 3684 246 3718 cases.
794 3679 822 3719 to
833 3669 907 3719 death
921 3670 953 3733 by
964 3670 1035 3718 order
1045 3670 1074 3718 01
1082 3669 1173 3728 Galba,
1187 3669 1291 3718 without
1303 3669 1370 3729 trial,

203 3737 330 3784 decimus
355 3738 483 3793 quisque.
517 3733 557 3783 On
581 3734 624 3784 the
645 3735 746 3800 punish·
795 3750 823 3783 as
847 3751 878 3783 an
900 3735 1052 3799 accomplice
1069 3735 1095 3783 in
1123 3734 1165 3783 the
1184 3734 1328 3798 conspiracy
1345 3735 1374 3784 oi

171 3807 239 3849 ment
258 3800 287 3849 01
302 3800 465 3850 ‘decimatio’
486 3815 525 3865 cp.
547 3812 570 3861 3.
594 3813 633 3862 44,
654 3814 676 3862 4,
694 3801 745 3850 and
794 3800 963 3864 Nymphidius
973 3800 1079 3849 Sabinus
1091 3800 1140 3865 (H.
1155 3812 1175 3847 4.
1188 3798 1212 3860 6,
1228 3813 1256 3856 44
1274 3809 1312 3862 37,
1326 3799 1363 3863 6).

169 3874 235 3915 note.
830 3864 866 3914 46.
884 3868 986 3915 Italia:
1011 3882 1043 3915 on
1068 3865 1111 3915 the
1138 3864 1228 3930 simple
1253 3864 1304 3914 abl.
1330 3881 1369 3930 cp.

201 3934 287 3980 attam
317 3934 427 3981 4144441
465 3932 631 3992 sortiuntur,
668 3934 744 3981 ‘even
794 3931 889 3981 lntrod.
902 3932 919 3978 i.
931 3947 954 3979 v.
969 3936 981 3989 ς
997 3946 1034 3994 44.

168 3996 237 4059 good
255 3996 360 4047 soldiers
383 3997 451 4046 draw
469 3995 511 4044 1144
528 3995 566 4045 101
589 3996 628 4045 104
644 3996 744 4060 punish·
826 4000 1051 4054 deportarentur.
1092 3996 1155 4045 This
1181 4001 1245 4044 must
1271 4010 1370 4058 express

168 4060 252 4110 ment.⁸
794 4076 863 4111 more
891 4063 950 4110 than
973 4062 1065 4111 ‘arceri
1094 4060 1182 4110 ltalia¹
1213 4060 1249 4124 (4.
1274 4074 1313 4122 31,
1361 4077 1368 4120 ;

201 4126 224 4174 6.
250 4129 342 4184 habet,
377 4130 434 4185 dcc..
475 4129 562 4190 ‘every
603 4126 745 4191 exemplary
796 4125 834 4176 46.
853 4141 894 4189 33,
914 4126 953 4191 4);
969 4143 997 4176 as
1017 4127 1058 4176 the
1076 4133 1187 4176 sentence
1203 4125 1224 4175 is
1243 4075 1370 4190 4414144113

168 4191 744 4322 cirillia?limitati?
794 4192 913 4307 iiiiii
928 4195 1046 4306 ‘iia
1056 4207 1124 4305 ”sti
1132 4191 1370 4321 ’.1114143ἑὲ4

167 4337 208 4387 cp.
223 4336 260 4370 44.
275 4336 314 4381 ro,
326 4341 350 4387 4,
363 4324 411 4373 and
423 4332 488 4373 note.
794 4322 823 4372 01
844 4296 1000 4387 ’4144441444ῑί0
1021 4323 1047 4370 in
1071 4320 1193 4371 insulam’
1211 4321 1247 4385 (4.
1276 4335 1315 4382 43,
1335 4335 1368 4382 ²3

201 4398 224 4451 7.
236 4395 335 4437 eontra
345 4391 478 4447 singulos,
492 4390 535 4438 ‘as
545 4388 643 4453 against
657 4389 696 4454 (to
706 4392 745 4441 ret
794 4385 818 4439 6.
830 4389 870 4449 48,
884 4400 913 4452 y;
935 4387 971 4437 46.
984 4402 1007 4452 9,
1022 4387 1057 4451 4),
1075 4387 1117 4436 1144
1136 4398 1241 4437 44444441
1259 4386 1323 4436 loun
1343 4385 1379 4435 01

166 4454 264 4517 against
276 4453 319 4503 the
330 4469 416 4519 wrong
426 4453 491 4505 done
501 4454 540 4520 10)
552 4453 716 4506 mundate:
793 4451 865 4503 exile.

217 4569 305 4602 44444444
754 4550 778 4602 U
