2994 4996
209 338 271 402 286
497 337 702 401 CORNELII
726 338 754 397 Τ
750 336 825 397 Aci
827 336 869 396 TI
891 335 1121 396 ANNALIUM
1269 335 1317 403 [Α.
1328 342 1365 392 D.
1379 340 1411 390 σι

208 512 277 576 sive
293 532 405 576 amore
419 508 544 576 exoleti
559 510 710 574 incensus
725 517 759 573 et
779 507 953 573 dominum
975 506 1142 572 aemulum
1163 526 1230 570 non
1250 505 1410 569 tolerans.

209 626 355 680 ceterum
374 635 449 679 cum
465 621 575 678 vetere
592 633 636 677 ex
652 631 743 676 more
760 611 919 676 familiam
941 630 1076 675 omnem
1097 630 1182 693 quae
1202 609 1264 673 sub
1287 607 1445 674 eodem2

209 728 298 786 tecto
322 719 555 783 mansitaverat
577 717 621 781 ad
640 715 839 798 supplicium
855 715 909 799 agi
924 723 1099 800 oporteret,
1118 733 1277 778 concursu
1301 710 1412 794 plebis

208 844 293 907 quae
315 832 366 886 tot
390 822 543 885 innoxios
568 822 764 905 protegebat
790 820 958 903 usquead
982 818 1176 882 seditionem
1198 825 1337 881 ventum
1360 822 1412 877 est

181 935 407 1008 5senatusque
436 924 586 1003 obsessus,
613 923 644 987 in
676 944 743 1007 quo
775 922 848 1006 ipso
879 930 974 988 erant
1000 923 1110 988 studia
1135 921 1268 985 nimiam
1291 917 1411 983 severi-

207 1041 311 1095 tatem
330 1029 585 1113 aspernantium,
602 1026 752 1112 pluribus
773 1026 853 1092 nihil
877 1027 1075 1091 mutandum
1097 1025 1317 1089 censentibus
1365 1042 1410 1086 ex

207 1134 280 1217 quis
298 1132 334 1198 C.
350 1132 482 1197 Cassius
497 1131 680 1197 sententiae
693 1128 767 1195 loco
782 1130 815 1193 in
830 1130 916 1193 hunc
932 1131 1068 1193 modum
1085 1129 1255 1194 disseruit:

250 1246 305 1301 48.
328 1235 456 1319 ‘Saepe
473 1254 621 1312 numero,
643 1243 754 1319 patres
777 1234 965 1315 conscripti,
987 1233 1019 1296 in
1042 1232 1106 1297 hoc
1129 1231 1244 1297 ordine
1264 1227 1439 1308 interfui,1

206 1360 282 1405 cum
312 1347 428 1404 contra
457 1326 669 1435 institutam
698 1337 788 1421 leges
814 1337 977 1401 maiorum
1001 1356 1086 1401 nova
1113 1346 1247 1401 senatus
1273 1338 1409 1402 decreta

164 1472 194 1509 ιο
206 1443 473 1527 postularentur;
510 1460 617 1523 neque
656 1462 730 1505 sum
767 1442 972 1515 adversatus,
1001 1459 1069 1504 non
1101 1439 1179 1521 quia
1216 1440 1407 1504 dubitarem

205 1566 304 1630 super
326 1545 479 1610 omnibus
501 1543 640 1627 negotiis
663 1543 779 1609 melius
801 1554 904 1626 atque
928 1543 1048 1609 rectius
1073 1543 1151 1608 olim
1180 1543 1349 1625 provisum
1373 1551 1408 1607 et

205 1670 292 1734 quae
317 1655 583 1714 converterentur
608 1649 642 1710 in
669 1648 814 1712 deterius
843 1648 973 1728 mutari,
999 1647 1057 1711 sed
1088 1666 1129 1710 ne
1159 1647 1262 1712 nimio
1292 1666 1409 1712 amore

205 1752 331 1835 antiqui
350 1751 450 1816 moris
468 1750 616 1815 studium
638 1770 748 1814 meum
764 1749 924 1816 extollere
943 1751 1079 1815 viderer.
1124 1749 1222 1814 simul
1241 1749 1442 1834 quidquidu

205 1854 268 1920 hoc
288 1856 321 1920 in
342 1855 438 1919 nobis
458 1852 662 1919 auctoritatis
684 1863 735 1919 est
755 1855 877 1919 crebris
899 1855 1214 1920 contradictionibus
1235 1854 1408 1918 destruen-

162 1959 285 2041 rydum
315 1979 382 2024 non
411 1956 654 2035 existimabam,
683 1967 721 2022 ut
751 1968 898 2023 maneret
929 1957 1091 2041 integrum
1122 1959 1149 2023 si
1183 1958 1320 2042 quando
1352 1978 1406 2022 res

204 2061 337 2145 publica
360 2060 501 2128 consiliis
523 2061 674 2143 eguisset
719 2062 809 2144 quod
827 2060 926 2126 hodie
945 2061 1034 2125 venit
1050 2060 1210 2125 consulari
1224 2062 1295 2126 viro
1310 2059 1440 2131 domis

239 2320 261 2358 1.
277 2309 428 2357 inoansusz
449 2321 478 2356 so
497 2305 532 2356 all
548 2311 630 2356 recem
647 2304 703 2356 edd.
716 2303 777 2355 aiter
827 2306 853 2355 in
867 2306 945 2368 Med,
956 2309 1000 2358 bot
1015 2308 1128 2368 inserted,
1139 2308 1203 2359 irom
1221 2311 1263 2372 G.,
1275 2310 1300 2360 in
1318 2312 1407 2376 nearly

203 2371 284 2433 rien,
308 2371 346 2421 ior
368 2372 410 2422 the
433 2371 503 2422 Med.
523 2371 646 2422 ‘intensus
657 2370 673 2426 ¹.
695 2370 777 2421 which
827 2370 863 2421 all
874 2372 996 2425 editions:
1014 2391 1053 2439 cp.
1067 2390 1089 2438 3.
1104 2388 1144 2439 34,
1158 2390 1181 2436 s,
1191 2376 1241 2426 and
1252 2383 1318 2428 note.

203 2436 290 2487 would
305 2437 404 2502 destroy
413 2436 457 2488 the
467 2436 537 2503 point
549 2437 578 2487 oi
591 2437 633 2486 the
647 2434 778 2500 following
864 2451 902 2501 13·
914 2443 1025 2498 antiqui
1034 2443 1128 2500 moris,
1140 2443 1148 2468 ⁴
1155 2442 1288 2494 oiancieut
1296 2442 1404 2509 usage':

203 2502 294 2554 words.
828 2518 870 2567 cp.
882 2508 966 2554 ‘vetus
977 2504 1046 2554 mos’
1057 2508 1092 2570 (3.
1106 2521 1146 2571 29,
1160 2508 1194 2570 a).

237 2574 284 2618 st.
302 2606 308 2619 .
328 2583 422 2618 .uou:
440 2576 594 2618 seeuoteou
609 2580 629 2617 1.
643 2569 717 2630 38,4
861 2573 998 2632 studium,
1035 2573 1090 2636 ‘my
1126 2572 1237 2635 pursuit,'
1281 2574 1337 2625 that
1376 2576 1407 2625 ol

240 2640 369 2683 assim
399 2650 435 2684 ax
465 2649 549 2684 mors.
584 2633 651 2682 That
679 2632 738 2682 such
761 2648 776 2681 a
827 2633 886 2695 iuris
905 2636 1016 2693 rudence,
1039 2638 1088 2687 and
1111 2637 1153 2687 the
1172 2640 1327 2703 antiquariau
1350 2641 1404 2691 lore

206 2707 302 2749 custom
329 2700 423 2748 existed
450 2700 474 2748 ln
497 2715 523 2749 re
541 2699 639 2748 ublican
662 2700 735 2748 times
756 2699 778 2746 is
828 2651 1026 2751 invehentur.
1060 2703 1115 2752 The
1130 2713 1242 2754 sentence
1257 2722 1363 2771 appears
1375 2715 1404 2756 to

204 2764 307 2829 impiied
327 2766 360 2828 by
375 2783 390 2814 a
409 2765 480 2814 letter
498 2781 513 2813 o
541 2765 592 2814 Ser.
607 2763 651 2813 Sul
670 2764 731 2812 icius
751 2771 777 2812 to
829 2765 899 2814 show
915 2774 993 2816 traces
1009 2768 1038 2816 ol
1050 2767 1110 2817 Sall.
1129 2769 1182 2831 ing.
1196 2787 1220 2833 4,
1236 2785 1248 2819 a
1267 2774 1328 2832 (‘ne
1347 2773 1404 2835 quis

204 2829 294 2879 Cicero
316 2829 358 2892 (ad
377 2832 447 2879 Fam.
464 2847 487 2893 4.
505 2843 543 2888 12,
557 2828 582 2892 3)
599 2845 631 2878 on
646 2779 687 2878 the
702 2828 777 2877 death
827 2832 951 2881 existimet
964 2840 1053 2882 memet
1064 2833 1172 2883 studium
1184 2852 1266 2885 meum
1275 2837 1403 2887 laudando

204 2895 233 2944 oi
254 2895 395 2946 Marcellus.
436 2896 475 2945 On
496 2895 538 2944 the
561 2894 684 2944 increased
706 2895 777 2943 strin-
826 2895 978 2961 extollere').

203 2975 282 3024 gency
299 2961 328 3009 oi
343 2962 491 3027 subsequeut
511 2960 573 3009 laws
589 2976 629 3010 see
648 2973 738 3022 13.3s,
753 2973 775 3020 1,
861 2965 1001 3020 quidquid
1027 2967 1091 3023 hoo,
1112 2968 1168 3024 ico,
1191 2968 1330 3017 ‘whatever
1351 2968 1403 3018 this

203 3024 329 3075 anduotc.
828 3027 952 3089 authority
972 3029 1053 3078 which
1077 3030 1088 3078 I
1112 3029 1174 3081 have
1196 3049 1254 3097 may
1276 3032 1343 3083 be':
1360 3050 1402 3099 cp.

237 3104 259 3152 3.
279 3095 495 3141 mansitaverat:
514 3107 554 3156 cp.
573 3104 610 3154 13·
626 3106 666 3155 44,
686 3101 708 3154 7,
726 3091 776 3139 and
828 3093 964 3158 ‘quidquid
982 3095 1043 3143 iilud
1060 3103 1084 3143 et
1101 3095 1291 3162 qualecumque'
1310 3099 1343 3161 (c.
1360 3115 1401 3162 55,

203 3164 270 3206 note.
829 3156 864 3218 a).
898 3159 973 3209 ‘Hoc
988 3159 1157 3210 auctoritatis’
1177 3163 1345 3215 isamodest
1359 3181 1401 3214 ex·

236 3236 259 3283 5.
279 3227 449 3280 senatusque
471 3222 582 3270 obsessus.
620 3220 709 3279 Halm,
733 3222 775 3271 Or.
826 3223 937 3287 pression
949 3224 1073 3276 ior‘hnec
1083 3228 1216 3277 auctoritas
1224 3228 1239 3285 ',
1251 3245 1278 3278 ns
1292 3230 1329 3278 ‘si
1341 3229 1401 3293 qnid

203 3287 252 3334 and
269 3287 315 3336 Dr.
328 3286 414 3336 follow
430 3288 458 3336 F.
471 3288 552 3351 Jacob
567 3287 592 3335 in
604 3287 721 3351 inserting
732 3286 775 3335 the
826 3291 897 3338 estin
909 3291 1048 3353 meingenii
1061 3292 1210 3354 (Cic-Arch.
1222 3296 1288 3355 nr).
1313 3297 1400 3345 ‘Nos’

202 3351 276 3401 latter
297 3353 373 3402 word.
409 3354 520 3402 Heraeus
542 3352 634 3418 prefers
656 3360 683 3401 to
701 3353 776 3402 insert
826 3368 855 3402 or
880 3355 992 3416 ‘nobis',
1011 3356 1080 3405 when
1096 3358 1154 3406 used
1167 3360 1205 3407 ior
1220 3360 1262 3409 the
1280 3360 1401 3424 singular,

202 3416 344 3478 ‘vocatus',
367 3434 394 3466 as
422 3434 438 3466 a
466 3418 534 3466 word
558 3433 627 3467 more
649 3417 726 3480 likely
748 3425 775 3466 to
826 3435 868 3468 are
879 3420 945 3469 often
957 3422 1014 3470 thus
1026 3423 1162 3472 associated
1174 3425 1332 3491 withasing.
1341 3426 1402 3476 verb

202 3481 264 3531 have
287 3484 346 3533 been
368 3482 425 3532 here
443 3483 498 3532 lost.
538 3482 606 3532 Most
626 3482 709 3532 others
729 3482 775 3531 iol·
827 3488 866 3542 (as
885 3486 910 3534 in
928 3488 988 3549 Agr.
1001 3502 1040 3549 43,
1059 3502 1083 3548 a,
1100 3491 1168 3547 dcci,
1179 3492 1321 3541 sometimes
1338 3507 1401 3541 even

202 3547 252 3596 low
266 3548 334 3613 Lips.
347 3549 372 3597 in
389 3549 491 3612 reading
511 3551 659 3613 ‘senatuque
678 3550 703 3598 lu
719 3548 775 3613 ipso
826 3550 931 3626 coupled
943 3559 970 3601 to
982 3568 996 3601 a
1011 3554 1074 3616 sing.
1086 3554 1224 3619 participle,
1236 3573 1264 3606 as
1280 3559 1401 3607 ‘absente

201 3612 294 3663 erant’.
825 3616 912 3664 nobrs’
926 3617 992 3680 (ier.
1005 3618 1066 3666 Eun.
1081 3634 1103 3680 4.
1118 3633 1140 3680 3,
1156 3621 1188 3682 7).

233 3677 258 3727 6.
273 3682 411 3739 pluribus,
424 3677 618 3743 ‘theruajority,'
630 3695 658 3728 aa
669 3679 723 3730 inc.
735 3690 774 3744 ay,
860 3693 897 3744 14.
915 3686 1200 3746 contradictionibus,
1216 3688 1273 3735 here
1293 3687 1353 3737 used
1373 3686 1403 3736 oi

202 3756 226 3805 3,
237 3746 283 3793 &e
826 3745 868 3795 the
879 3755 919 3797 act
930 3749 960 3797 oi
968 3749 1157 3811 contradiction,
1169 3767 1238 3800 more
1254 3752 1401 3817 commonly

235 3819 258 3871 7.
277 3813 306 3860 0.
328 3813 451 3868 cassius,
470 3807 513 3858 the
530 3808 628 3859 famous
641 3809 721 3873 jurist,
741 3826 774 3859 on
825 3810 850 3859 in
876 3829 891 3860 a
919 3813 1022 3876 judicinl
1052 3829 1120 3864 sense
1151 3816 1180 3864 ol
1206 3817 1401 3879 ‘replications'

200 3874 284 3923 whom
296 3890 336 3924 see
350 3887 388 3924 ra.
402 3888 440 3933 ra,
455 3888 476 3937 1,
488 3877 535 3924 &a
826 3877 930 3941 (Quint,
944 3879 1012 3941 δια),
1026 3879 1075 3927 and
1084 3879 1161 3931 hence
1170 3881 1275 3958 perhaps
1286 3892 1331 3948 put
1341 3885 1400 3933 here

233 3944 394 3989 sententiaa
412 3944 482 3995 looo.
502 3940 587 3990 ‘when
608 3939 647 3989 his
666 3947 720 3990 turn
736 3940 775 3991 ior
824 3957 852 3991 as
863 3959 895 3991 an
907 3946 1046 4008 expression
1058 3956 1217 4011 appropriate
1229 3955 1256 3996 to
1267 3949 1371 4011 ajurist.

200 4005 322 4070 speaking
339 4004 439 4063 camc’;
456 4021 485 4054 so
503 4006 528 4053 in
546 4019 567 4054 s.
582 4019 621 4068 33,
640 4020 670 4066 ²3
684 4017 724 4070 37,
739 4021 774 4068 3:
856 4012 1168 4072 destruendum,soused
1178 4012 1365 4077 figurativelyiu
1377 4029 1399 4063 a.

199 4086 240 4135 cp.
255 4072 312 4118 ‘ubi
324 4071 355 4119 ad
368 4070 512 4120 Helvidium
524 4070 635 4120 Priscum
648 4107 655 4121 .
672 4107 679 4121 .
694 4109 700 4121 .
715 4088 772 4121 ven·
823 4071 898 4136 63‚4;
910 4077 1016 4138 4.18,2;
1028 4076 1064 4124 H.
1073 4075 1124 4134 1.6,
1136 4090 1145 4124 1
1156 4094 1162 4136 ;
1173 4078 1227 4127 Liv.
1235 4094 1273 4140 34.
1284 4094 1307 4141 3,
1317 4095 1338 4142 5,
1351 4083 1399 4132 &c

200 4133 266 4184 tum’
289 4137 334 4200 (H.
356 4153 379 4200 4.
403 4153 428 4198 4,
448 4140 481 4199 5).
517 4137 559 4184 An
581 4138 690 4185 instance
710 4138 740 4185 os
757 4154 773 4187 a
859 4153 896 4201 15·
918 4144 943 4189 si
959 4143 1243 4203 quaudo,&c,i.e.ii
1257 4146 1400 4209 aquestion

200 4216 288 4266 person
304 4201 423 4264 elaiming
440 4208 466 4250 to
481 4201 558 4277 speak
573 4201 656 4278 before
667 4202 705 4251 hls
717 4211 771 4252 turn
823 4204 852 4253 oi
860 4205 920 4254 vital
933 4206 1084 4269 importnuce
1095 4209 1219 4258 occurred.

199 4274 771 4394 33.²¹tt:tititt2htht¹tss²tnti
821 4270 1398 4402 ‹.‡.⁶..iffi‚¹i.²1.t‘t'.tidntfti.i·itt}

199 4411 268 4446 more
283 4397 345 4460 iully
356 4399 381 4446 in
396 4397 458 4447 Pliu.
472 4397 518 4461 Ep.
531 4411 554 4460 9.
570 4410 607 4458 13.
820 4401 869 4450 aud
881 4417 997 4466 compare
1009 4416 1046 4452 12.
1059 4416 1098 4464 32,
1110 4417 1132 4466 5.

234 4474 272 4510 ra.
288 4464 320 4512 in
337 4466 469 4513 deterius.
503 4462 559 4512 The
574 4464 772 4531 prepisabaent
853 4471 994 4518 consulari
1005 4471 1085 4518 viro:
1105 4470 1244 4531 seeabove,
1258 4474 1271 4530 i
1286 4483 1308 4520 1.
